%YAML 1.1
%TAG !u! tag:unity3d.com,2011:
--- !u!1001 &100100000
Prefab:
  m_ObjectHideFlags: 1
  serializedVersion: 2
  m_Modification:
    m_TransformParent: {fileID: 0}
    m_Modifications: []
    m_RemovedComponents: []
  m_ParentPrefab: {fileID: 0}
  m_RootGameObject: {fileID: 1127045799877134}
  m_IsPrefabParent: 1
--- !u!1 &1127045799877134
GameObject:
  m_ObjectHideFlags: 0
  m_PrefabParentObject: {fileID: 0}
  m_PrefabInternal: {fileID: 100100000}
  serializedVersion: 5
  m_Component:
  - component: {fileID: 4897907961537238}
  - component: {fileID: 114898937536958896}
  - component: {fileID: 95560657158161554}
  - component: {fileID: 137235051523039858}
  m_Layer: 0
  m_Name: SnowTree_1
  m_TagString: Untagged
  m_Icon: {fileID: 0}
  m_NavMeshLayer: 0
  m_StaticEditorFlags: 0
  m_IsActive: 1
--- !u!1 &1371695280549950
GameObject:
  m_ObjectHideFlags: 1
  m_PrefabParentObject: {fileID: 0}
  m_PrefabInternal: {fileID: 100100000}
  serializedVersion: 5
  m_Component:
  - component: {fileID: 4122547871501646}
  - component: {fileID: 114813969035849490}
  m_Layer: 0
  m_Name: bone_2
  m_TagString: Untagged
  m_Icon: {fileID: 0}
  m_NavMeshLayer: 0
  m_StaticEditorFlags: 0
  m_IsActive: 1
--- !u!1 &1404635178034728
GameObject:
  m_ObjectHideFlags: 1
  m_PrefabParentObject: {fileID: 0}
  m_PrefabInternal: {fileID: 100100000}
  serializedVersion: 5
  m_Component:
  - component: {fileID: 4837237293646740}
  - component: {fileID: 114419045386776182}
  m_Layer: 0
  m_Name: bone_5
  m_TagString: Untagged
  m_Icon: {fileID: 0}
  m_NavMeshLayer: 0
  m_StaticEditorFlags: 0
  m_IsActive: 1
--- !u!1 &1405805099067592
GameObject:
  m_ObjectHideFlags: 1
  m_PrefabParentObject: {fileID: 0}
  m_PrefabInternal: {fileID: 100100000}
  serializedVersion: 5
  m_Component:
  - component: {fileID: 4988962255762626}
  - component: {fileID: 114011472624806980}
  m_Layer: 0
  m_Name: bone_6
  m_TagString: Untagged
  m_Icon: {fileID: 0}
  m_NavMeshLayer: 0
  m_StaticEditorFlags: 0
  m_IsActive: 1
--- !u!1 &1611527687634196
GameObject:
  m_ObjectHideFlags: 1
  m_PrefabParentObject: {fileID: 0}
  m_PrefabInternal: {fileID: 100100000}
  serializedVersion: 5
  m_Component:
  - component: {fileID: 4581480026534840}
  - component: {fileID: 114484646885752162}
  m_Layer: 0
  m_Name: bone_3
  m_TagString: Untagged
  m_Icon: {fileID: 0}
  m_NavMeshLayer: 0
  m_StaticEditorFlags: 0
  m_IsActive: 1
--- !u!1 &1635257797663014
GameObject:
  m_ObjectHideFlags: 1
  m_PrefabParentObject: {fileID: 0}
  m_PrefabInternal: {fileID: 100100000}
  serializedVersion: 5
  m_Component:
  - component: {fileID: 4411622007448024}
  - component: {fileID: 114409076124768782}
  m_Layer: 0
  m_Name: bone_9
  m_TagString: Untagged
  m_Icon: {fileID: 0}
  m_NavMeshLayer: 0
  m_StaticEditorFlags: 0
  m_IsActive: 1
--- !u!1 &1720410637302422
GameObject:
  m_ObjectHideFlags: 1
  m_PrefabParentObject: {fileID: 0}
  m_PrefabInternal: {fileID: 100100000}
  serializedVersion: 5
  m_Component:
  - component: {fileID: 4429491547980212}
  - component: {fileID: 114303638965068578}
  m_Layer: 0
  m_Name: bone_8
  m_TagString: Untagged
  m_Icon: {fileID: 0}
  m_NavMeshLayer: 0
  m_StaticEditorFlags: 0
  m_IsActive: 1
--- !u!1 &1882022261232084
GameObject:
  m_ObjectHideFlags: 0
  m_PrefabParentObject: {fileID: 0}
  m_PrefabInternal: {fileID: 100100000}
  serializedVersion: 5
  m_Component:
  - component: {fileID: 4449150964227646}
  m_Layer: 0
  m_Name: Bones
  m_TagString: Untagged
  m_Icon: {fileID: 0}
  m_NavMeshLayer: 0
  m_StaticEditorFlags: 0
  m_IsActive: 1
--- !u!1 &1895239946271568
GameObject:
  m_ObjectHideFlags: 1
  m_PrefabParentObject: {fileID: 0}
  m_PrefabInternal: {fileID: 100100000}
  serializedVersion: 5
  m_Component:
  - component: {fileID: 4003511527627214}
  - component: {fileID: 114590430908394942}
  m_Layer: 0
  m_Name: bone_7
  m_TagString: Untagged
  m_Icon: {fileID: 0}
  m_NavMeshLayer: 0
  m_StaticEditorFlags: 0
  m_IsActive: 1
--- !u!1 &1928679738419160
GameObject:
  m_ObjectHideFlags: 1
  m_PrefabParentObject: {fileID: 0}
  m_PrefabInternal: {fileID: 100100000}
  serializedVersion: 5
  m_Component:
  - component: {fileID: 4431164918633808}
  - component: {fileID: 114902324424533646}
  m_Layer: 0
  m_Name: bone_1
  m_TagString: Untagged
  m_Icon: {fileID: 0}
  m_NavMeshLayer: 0
  m_StaticEditorFlags: 0
  m_IsActive: 1
--- !u!1 &1971840464882564
GameObject:
  m_ObjectHideFlags: 1
  m_PrefabParentObject: {fileID: 0}
  m_PrefabInternal: {fileID: 100100000}
  serializedVersion: 5
  m_Component:
  - component: {fileID: 4925680930907896}
  - component: {fileID: 114515655625396860}
  m_Layer: 0
  m_Name: bone_4
  m_TagString: Untagged
  m_Icon: {fileID: 0}
  m_NavMeshLayer: 0
  m_StaticEditorFlags: 0
  m_IsActive: 1
--- !u!1 &1972450878148204
GameObject:
  m_ObjectHideFlags: 1
  m_PrefabParentObject: {fileID: 0}
  m_PrefabInternal: {fileID: 100100000}
  serializedVersion: 5
  m_Component:
  - component: {fileID: 4588557407932012}
  - component: {fileID: 114480501973721716}
  m_Layer: 0
  m_Name: bone_10
  m_TagString: Untagged
  m_Icon: {fileID: 0}
  m_NavMeshLayer: 0
  m_StaticEditorFlags: 0
  m_IsActive: 1
--- !u!4 &4003511527627214
Transform:
  m_ObjectHideFlags: 1
  m_PrefabParentObject: {fileID: 0}
  m_PrefabInternal: {fileID: 100100000}
  m_GameObject: {fileID: 1895239946271568}
  m_LocalRotation: {x: 0, y: 0, z: 0, w: 1}
  m_LocalPosition: {x: 1.0611215, y: -0.012406349, z: 0}
  m_LocalScale: {x: 1, y: 1, z: 1}
  m_Children:
  - {fileID: 4429491547980212}
  - {fileID: 4411622007448024}
  - {fileID: 4588557407932012}
  m_Father: {fileID: 4925680930907896}
  m_RootOrder: 2
  m_LocalEulerAnglesHint: {x: 0, y: 0, z: 0}
--- !u!4 &4122547871501646
Transform:
  m_ObjectHideFlags: 1
  m_PrefabParentObject: {fileID: 0}
  m_PrefabInternal: {fileID: 100100000}
  m_GameObject: {fileID: 1371695280549950}
  m_LocalRotation: {x: -0, y: -0, z: 0.7735803, w: 0.63369834}
  m_LocalPosition: {x: 1.0000042, y: 0.0000046491623, z: 0}
  m_LocalScale: {x: 0.90000147, y: 1.0000017, z: 1}
  m_Children: []
  m_Father: {fileID: 4431164918633808}
  m_RootOrder: 0
  m_LocalEulerAnglesHint: {x: 0, y: 0, z: 101.353004}
--- !u!4 &4411622007448024
Transform:
  m_ObjectHideFlags: 1
  m_PrefabParentObject: {fileID: 0}
  m_PrefabInternal: {fileID: 100100000}
  m_GameObject: {fileID: 1635257797663014}
  m_LocalRotation: {x: -0, y: -0, z: 0.85545015, w: -0.51788527}
  m_LocalPosition: {x: 1.000004, y: -0.000005364418, z: 0}
  m_LocalScale: {x: 0.54218036, y: 1.0843675, z: 1}
  m_Children: []
  m_Father: {fileID: 4003511527627214}
  m_RootOrder: 1
  m_LocalEulerAnglesHint: {x: 0, y: 0, z: 242.381}
--- !u!4 &4429491547980212
Transform:
  m_ObjectHideFlags: 1
  m_PrefabParentObject: {fileID: 0}
  m_PrefabInternal: {fileID: 100100000}
  m_GameObject: {fileID: 1720410637302422}
  m_LocalRotation: {x: 0, y: 0, z: -0.8394013, w: -0.5435121}
  m_LocalPosition: {x: 1.000004, y: -0.000005364418, z: 0}
  m_LocalScale: {x: 0.6, y: 1, z: 1}
  m_Children: []
  m_Father: {fileID: 4003511527627214}
  m_RootOrder: 0
  m_LocalEulerAnglesHint: {x: 0, y: 0, z: 474.154}
--- !u!4 &4431164918633808
Transform:
  m_ObjectHideFlags: 1
  m_PrefabParentObject: {fileID: 0}
  m_PrefabInternal: {fileID: 100100000}
  m_GameObject: {fileID: 1928679738419160}
  m_LocalRotation: {x: 0, y: 0, z: 0.70811325, w: 0.706099}
  m_LocalPosition: {x: 0.028366089, y: -1.4003601, z: 0}
  m_LocalScale: {x: 1, y: 1, z: 1}
  m_Children:
  - {fileID: 4122547871501646}
  - {fileID: 4581480026534840}
  - {fileID: 4925680930907896}
  m_Father: {fileID: 4449150964227646}
  m_RootOrder: 0
  m_LocalEulerAnglesHint: {x: 0, y: 0, z: 90.163}
--- !u!4 &4449150964227646
Transform:
  m_ObjectHideFlags: 1
  m_PrefabParentObject: {fileID: 0}
  m_PrefabInternal: {fileID: 100100000}
  m_GameObject: {fileID: 1882022261232084}
  m_LocalRotation: {x: 0, y: 0, z: 0, w: 1}
  m_LocalPosition: {x: 0, y: 0, z: 0}
  m_LocalScale: {x: 1, y: 1, z: 1}
  m_Children:
  - {fileID: 4431164918633808}
  m_Father: {fileID: 4897907961537238}
  m_RootOrder: 0
  m_LocalEulerAnglesHint: {x: 0, y: 0, z: 0}
--- !u!4 &4581480026534840
Transform:
  m_ObjectHideFlags: 1
  m_PrefabParentObject: {fileID: 0}
  m_PrefabInternal: {fileID: 100100000}
  m_GameObject: {fileID: 1611527687634196}
  m_LocalRotation: {x: -0, y: -0, z: -0.77659583, w: 0.6299992}
  m_LocalPosition: {x: 1.0000042, y: 0.0000046491623, z: 0}
  m_LocalScale: {x: 0.9000002, y: 1.0000001, z: 1}
  m_Children: []
  m_Father: {fileID: 4431164918633808}
  m_RootOrder: 1
  m_LocalEulerAnglesHint: {x: 0, y: 0, z: -101.9}
--- !u!4 &4588557407932012
Transform:
  m_ObjectHideFlags: 1
  m_PrefabParentObject: {fileID: 0}
  m_PrefabInternal: {fileID: 100100000}
  m_GameObject: {fileID: 1972450878148204}
  m_LocalRotation: {x: 0, y: 0, z: -0.009613305, w: -0.9999538}
  m_LocalPosition: {x: 1.000004, y: -0.000005364418, z: 0}
  m_LocalScale: {x: 1.5, y: 1.0697051, z: 1}
  m_Children: []
  m_Father: {fileID: 4003511527627214}
  m_RootOrder: 2
  m_LocalEulerAnglesHint: {x: 0, y: 0, z: 361.102}
--- !u!4 &4837237293646740
Transform:
  m_ObjectHideFlags: 1
  m_PrefabParentObject: {fileID: 0}
  m_PrefabInternal: {fileID: 100100000}
  m_GameObject: {fileID: 1404635178034728}
  m_LocalRotation: {x: 0, y: 0, z: -0.82770234, w: 0.5611674}
  m_LocalPosition: {x: 1.000004, y: -0.000005364418, z: 0}
  m_LocalScale: {x: 0.75, y: 2, z: 1}
  m_Children: []
  m_Father: {fileID: 4925680930907896}
  m_RootOrder: 0
  m_LocalEulerAnglesHint: {x: 0, y: 0, z: -111.727005}
--- !u!4 &4897907961537238
Transform:
  m_ObjectHideFlags: 1
  m_PrefabParentObject: {fileID: 0}
  m_PrefabInternal: {fileID: 100100000}
  m_GameObject: {fileID: 1127045799877134}
  m_LocalRotation: {x: 0, y: 0, z: 0, w: 1}
  m_LocalPosition: {x: 156.8722, y: -144.70392, z: 0}
  m_LocalScale: {x: 2, y: 2, z: 1}
  m_Children:
  - {fileID: 4449150964227646}
  m_Father: {fileID: 0}
  m_RootOrder: 0
  m_LocalEulerAnglesHint: {x: 0, y: 0, z: 0}
--- !u!4 &4925680930907896
Transform:
  m_ObjectHideFlags: 1
  m_PrefabParentObject: {fileID: 0}
  m_PrefabInternal: {fileID: 100100000}
  m_GameObject: {fileID: 1971840464882564}
  m_LocalRotation: {x: 0, y: 0, z: 0, w: 1}
  m_LocalPosition: {x: 1.0000042, y: 0.0000046491623, z: 0}
  m_LocalScale: {x: 0.5, y: 1, z: 1}
  m_Children:
  - {fileID: 4837237293646740}
  - {fileID: 4988962255762626}
  - {fileID: 4003511527627214}
  m_Father: {fileID: 4431164918633808}
  m_RootOrder: 2
  m_LocalEulerAnglesHint: {x: 0, y: 0, z: 0}
--- !u!4 &4988962255762626
Transform:
  m_ObjectHideFlags: 1
  m_PrefabParentObject: {fileID: 0}
  m_PrefabInternal: {fileID: 100100000}
  m_GameObject: {fileID: 1405805099067592}
  m_LocalRotation: {x: -0, y: -0, z: 0.82190025, w: 0.56963146}
  m_LocalPosition: {x: 1.000004, y: -0.000005364418, z: 0}
  m_LocalScale: {x: 0.8, y: 2, z: 1}
  m_Children: []
  m_Father: {fileID: 4925680930907896}
  m_RootOrder: 1
  m_LocalEulerAnglesHint: {x: 0, y: 0, z: 110.551}
--- !u!95 &95560657158161554
Animator:
  serializedVersion: 3
  m_ObjectHideFlags: 1
  m_PrefabParentObject: {fileID: 0}
  m_PrefabInternal: {fileID: 100100000}
  m_GameObject: {fileID: 1127045799877134}
  m_Enabled: 1
  m_Avatar: {fileID: 0}
  m_Controller: {fileID: 9100000, guid: 5b5e51f3df353bf46b5c1f6a1c68d24f, type: 2}
  m_CullingMode: 0
  m_UpdateMode: 0
  m_ApplyRootMotion: 0
  m_LinearVelocityBlending: 0
  m_WarningMessage: 
  m_HasTransformHierarchy: 1
  m_AllowConstantClipSamplingOptimization: 1
--- !u!114 &114011472624806980
MonoBehaviour:
  m_ObjectHideFlags: 1
  m_PrefabParentObject: {fileID: 0}
  m_PrefabInternal: {fileID: 100100000}
  m_GameObject: {fileID: 1405805099067592}
  m_Enabled: 1
  m_EditorHideFlags: 0
  m_Script: {fileID: 11500000, guid: 03b157d7625014c58bfbad3513f40289, type: 3}
  m_Name: 
  m_EditorClassIdentifier: 
  m_Color: {r: 1, g: 1, b: 1, a: 1}
  m_Length: 1
  m_Child: {fileID: 0}
  m_ChildTransform: {fileID: 0}
  m_AttachedIK: {fileID: 0}
--- !u!114 &114303638965068578
MonoBehaviour:
  m_ObjectHideFlags: 1
  m_PrefabParentObject: {fileID: 0}
  m_PrefabInternal: {fileID: 100100000}
  m_GameObject: {fileID: 1720410637302422}
  m_Enabled: 1
  m_EditorHideFlags: 0
  m_Script: {fileID: 11500000, guid: 03b157d7625014c58bfbad3513f40289, type: 3}
  m_Name: 
  m_EditorClassIdentifier: 
  m_Color: {r: 1, g: 1, b: 1, a: 1}
  m_Length: 1
  m_Child: {fileID: 0}
  m_ChildTransform: {fileID: 0}
  m_AttachedIK: {fileID: 0}
--- !u!114 &114409076124768782
MonoBehaviour:
  m_ObjectHideFlags: 1
  m_PrefabParentObject: {fileID: 0}
  m_PrefabInternal: {fileID: 100100000}
  m_GameObject: {fileID: 1635257797663014}
  m_Enabled: 1
  m_EditorHideFlags: 0
  m_Script: {fileID: 11500000, guid: 03b157d7625014c58bfbad3513f40289, type: 3}
  m_Name: 
  m_EditorClassIdentifier: 
  m_Color: {r: 1, g: 1, b: 1, a: 1}
  m_Length: 1
  m_Child: {fileID: 0}
  m_ChildTransform: {fileID: 0}
  m_AttachedIK: {fileID: 0}
--- !u!114 &114419045386776182
MonoBehaviour:
  m_ObjectHideFlags: 1
  m_PrefabParentObject: {fileID: 0}
  m_PrefabInternal: {fileID: 100100000}
  m_GameObject: {fileID: 1404635178034728}
  m_Enabled: 1
  m_EditorHideFlags: 0
  m_Script: {fileID: 11500000, guid: 03b157d7625014c58bfbad3513f40289, type: 3}
  m_Name: 
  m_EditorClassIdentifier: 
  m_Color: {r: 1, g: 1, b: 1, a: 1}
  m_Length: 1
  m_Child: {fileID: 0}
  m_ChildTransform: {fileID: 0}
  m_AttachedIK: {fileID: 0}
--- !u!114 &114480501973721716
MonoBehaviour:
  m_ObjectHideFlags: 1
  m_PrefabParentObject: {fileID: 0}
  m_PrefabInternal: {fileID: 100100000}
  m_GameObject: {fileID: 1972450878148204}
  m_Enabled: 1
  m_EditorHideFlags: 0
  m_Script: {fileID: 11500000, guid: 03b157d7625014c58bfbad3513f40289, type: 3}
  m_Name: 
  m_EditorClassIdentifier: 
  m_Color: {r: 1, g: 1, b: 1, a: 1}
  m_Length: 1
  m_Child: {fileID: 0}
  m_ChildTransform: {fileID: 0}
  m_AttachedIK: {fileID: 0}
--- !u!114 &114484646885752162
MonoBehaviour:
  m_ObjectHideFlags: 1
  m_PrefabParentObject: {fileID: 0}
  m_PrefabInternal: {fileID: 100100000}
  m_GameObject: {fileID: 1611527687634196}
  m_Enabled: 1
  m_EditorHideFlags: 0
  m_Script: {fileID: 11500000, guid: 03b157d7625014c58bfbad3513f40289, type: 3}
  m_Name: 
  m_EditorClassIdentifier: 
  m_Color: {r: 1, g: 1, b: 1, a: 1}
  m_Length: 1
  m_Child: {fileID: 0}
  m_ChildTransform: {fileID: 0}
  m_AttachedIK: {fileID: 0}
--- !u!114 &114515655625396860
MonoBehaviour:
  m_ObjectHideFlags: 1
  m_PrefabParentObject: {fileID: 0}
  m_PrefabInternal: {fileID: 100100000}
  m_GameObject: {fileID: 1971840464882564}
  m_Enabled: 1
  m_EditorHideFlags: 0
  m_Script: {fileID: 11500000, guid: 03b157d7625014c58bfbad3513f40289, type: 3}
  m_Name: 
  m_EditorClassIdentifier: 
  m_Color: {r: 1, g: 1, b: 1, a: 1}
  m_Length: 1.000004
  m_Child: {fileID: 0}
  m_ChildTransform: {fileID: 4837237293646740}
  m_AttachedIK: {fileID: 0}
--- !u!114 &114590430908394942
MonoBehaviour:
  m_ObjectHideFlags: 1
  m_PrefabParentObject: {fileID: 0}
  m_PrefabInternal: {fileID: 100100000}
  m_GameObject: {fileID: 1895239946271568}
  m_Enabled: 1
  m_EditorHideFlags: 0
  m_Script: {fileID: 11500000, guid: 03b157d7625014c58bfbad3513f40289, type: 3}
  m_Name: 
  m_EditorClassIdentifier: 
  m_Color: {r: 1, g: 1, b: 1, a: 1}
  m_Length: 1.000004
  m_Child: {fileID: 0}
  m_ChildTransform: {fileID: 4429491547980212}
  m_AttachedIK: {fileID: 0}
--- !u!114 &114813969035849490
MonoBehaviour:
  m_ObjectHideFlags: 1
  m_PrefabParentObject: {fileID: 0}
  m_PrefabInternal: {fileID: 100100000}
  m_GameObject: {fileID: 1371695280549950}
  m_Enabled: 1
  m_EditorHideFlags: 0
  m_Script: {fileID: 11500000, guid: 03b157d7625014c58bfbad3513f40289, type: 3}
  m_Name: 
  m_EditorClassIdentifier: 
  m_Color: {r: 1, g: 1, b: 1, a: 1}
  m_Length: 1
  m_Child: {fileID: 0}
  m_ChildTransform: {fileID: 0}
  m_AttachedIK: {fileID: 0}
--- !u!114 &114898937536958896
MonoBehaviour:
  m_ObjectHideFlags: 1
  m_PrefabParentObject: {fileID: 0}
  m_PrefabInternal: {fileID: 100100000}
  m_GameObject: {fileID: 1127045799877134}
  m_Enabled: 1
  m_EditorHideFlags: 0
  m_Script: {fileID: 11500000, guid: 5ec17ceaa560940e9bf0dbeafc3a1971, type: 3}
  m_Name: 
  m_EditorClassIdentifier: 
  m_SpriteMesh: {fileID: 11400000, guid: a6d9481461f075d48aba38341c8a0b42, type: 2}
  m_Color: {r: 1, g: 1, b: 1, a: 1}
  m_Materials:
  - {fileID: 10754, guid: 0000000000000000f000000000000000, type: 0}
  m_SortingLayerID: 0
  m_SortingOrder: 0
  m_Bones: []
  m_BoneTransforms:
  - {fileID: 4431164918633808}
  - {fileID: 4122547871501646}
  - {fileID: 4581480026534840}
  - {fileID: 4925680930907896}
  - {fileID: 4837237293646740}
  - {fileID: 4988962255762626}
  - {fileID: 4003511527627214}
  - {fileID: 4429491547980212}
  - {fileID: 4411622007448024}
  - {fileID: 4588557407932012}
--- !u!114 &114902324424533646
MonoBehaviour:
  m_ObjectHideFlags: 1
  m_PrefabParentObject: {fileID: 0}
  m_PrefabInternal: {fileID: 100100000}
  m_GameObject: {fileID: 1928679738419160}
  m_Enabled: 1
  m_EditorHideFlags: 0
  m_Script: {fileID: 11500000, guid: 03b157d7625014c58bfbad3513f40289, type: 3}
  m_Name: 
  m_EditorClassIdentifier: 
  m_Color: {r: 1, g: 1, b: 1, a: 1}
  m_Length: 1.0000042
  m_Child: {fileID: 0}
  m_ChildTransform: {fileID: 4925680930907896}
  m_AttachedIK: {fileID: 0}
--- !u!137 &137235051523039858
SkinnedMeshRenderer:
  m_ObjectHideFlags: 1
  m_PrefabParentObject: {fileID: 0}
  m_PrefabInternal: {fileID: 100100000}
  m_GameObject: {fileID: 1127045799877134}
  m_Enabled: 1
  m_CastShadows: 1
  m_ReceiveShadows: 1
  m_DynamicOccludee: 1
  m_MotionVectors: 1
  m_LightProbeUsage: 1
  m_ReflectionProbeUsage: 1
  m_Materials:
  - {fileID: 10754, guid: 0000000000000000f000000000000000, type: 0}
  m_StaticBatchInfo:
    firstSubMesh: 0
    subMeshCount: 0
  m_StaticBatchRoot: {fileID: 0}
  m_ProbeAnchor: {fileID: 0}
  m_LightProbeVolumeOverride: {fileID: 0}
  m_ScaleInLightmap: 1
  m_PreserveUVs: 0
  m_IgnoreNormalsForChartDetection: 0
  m_ImportantGI: 0
  m_StitchLightmapSeams: 0
  m_SelectedEditorRenderState: 3
  m_MinimumChartSize: 4
  m_AutoUVMaxDistance: 0.5
  m_AutoUVMaxAngle: 89
  m_LightmapParameters: {fileID: 0}
  m_SortingLayerID: 0
  m_SortingLayer: 0
  m_SortingOrder: 0
  serializedVersion: 2
  m_Quality: 0
  m_UpdateWhenOffscreen: 0
  m_SkinnedMotionVectors: 1
  m_Mesh: {fileID: 43104691455701928, guid: a6d9481461f075d48aba38341c8a0b42, type: 2}
  m_Bones:
  - {fileID: 4431164918633808}
  - {fileID: 4122547871501646}
  - {fileID: 4581480026534840}
  - {fileID: 4925680930907896}
  - {fileID: 4837237293646740}
  - {fileID: 4988962255762626}
  - {fileID: 4003511527627214}
  - {fileID: 4429491547980212}
  - {fileID: 4411622007448024}
  - {fileID: 4588557407932012}
  m_BlendShapeWeights: []
  m_RootBone: {fileID: 4431164918633808}
  m_AABB:
    m_Center: {x: 1.4023466, y: 0.05064547, z: 0}
    m_Extent: {x: 1.4727306, y: 1.6524173, z: 0}
  m_DirtyAABB: 0
